@misc{internetlivestats2023,
	author       = {Internet Live Stats},
	title        = {Twitter Usage Statistics - Internet Live Stats},
	year         = {2024},
	howpublished = {\url{https://www.internetlivestats.com/twitter-statistics/}},
	note         = {Accessed: 2024-12-08}
}

@misc{twitterstats2023,
	author       = {Omnicore},
	title        = {Twitter by the Numbers: Stats, Demographics and Fun Facts},
	year         = {2023},
	howpublished = {\url{https://www.omnicoreagency.com/twitter-statistics/}},
	note         = {Accessed: 2024-12-08}
}

@misc{statistica2023,
	author       = {Statista},
	title        = {Most Popular Social Networks Worldwide},
	year         = {2024},
	howpublished = {\url{https://www.statista.com/statistics/272014/global-social-networks-ranked-by-number-of-users/}},
	note         = {Accessed: 2024-12-08}
}

@INPROCEEDINGS{Hakak2017,
	author={Hakak, Nida Manzoor and Mohd, Mohsin and Kirmani, Mahira and Mohd, Mudasir},
	booktitle={2017 International Conference on Computer, Communications and Electronics (Comptelix)}, 
	title={Emotion analysis: A survey}, 
	year={2017},
	volume={},
	number={},
	pages={397-402},
	keywords={Blogs;Solid modeling;Support vector machines;Supervised learning;Computational modeling;Data models;Machine learning algorithms;emotion analysis;sentiment analysis;machine learning;bootstrapping;distant supervision},
	doi={10.1109/COMPTELIX.2017.8004002}
}

@article{Kim2019,
	doi = {10.17175/2019_008},
	url = {https://zfdg.de/2019_008_v1},
	author = {Kim, Evgeny and Klinger, Roman},
	title = {A Survey on Sentiment and Emotion Analysis for Computational Literary Studies},
	journal = {Zeitschrift f√ºr digitale Geisteswissenschaften},
	publisher = {Herzog August Bibliothek},
	year = {2019},
	copyright = {CC BY-SA 4.0}
}

@article{Alslaity2022,
author = {Alaa Alslaity and Rita Orji},
title = {Machine learning techniques for emotion detection and sentiment analysis: current state, challenges, and future directions},
journal = {Behaviour \& Information Technology},
volume = {43},
number = {1},
pages = {139--164},
year = {2024},
publisher = {Taylor \& Francis},
doi = {10.1080/0144929X.2022.2156387},
URL = { 
	https://doi.org/10.1080/0144929X.2022.2156387	
},
eprint = { 
	https://doi.org/10.1080/0144929X.2022.2156387
}
}
